<?xml version="1.0" encoding="UTF-8"?>
<marc:collection xmlns:marc="http://www.loc.gov/MARC21/slim" xmlns:xsi="http://www.w3.org/2001/XMLSchema-instance" xsi:schemaLocation="http://www.loc.gov/MARC21/slim http://www.loc.gov/standards/marcxml/schema/MARC21slim.xsd">
   <marc:record type="Bibliographic">
      <marc:leader>01485cam a2200301 a 4500</marc:leader>
      <marc:controlfield tag="001">666339</marc:controlfield>
      <marc:controlfield tag="003">NjP</marc:controlfield>
      <marc:controlfield tag="005">20160920165515.0</marc:controlfield>
      <marc:controlfield tag="008">910821s1988    ir h     b    00110cara d</marc:controlfield>
      <marc:datafield tag="024" ind1="7" ind2=" ">
         <marc:subfield code="a">princeton_aco001368</marc:subfield>
         <marc:subfield code="2">local</marc:subfield>
      </marc:datafield>
      <marc:datafield tag="035" ind1=" " ind2=" ">
         <marc:subfield code="a">(OCoLC)25345979</marc:subfield>
      </marc:datafield>
      <marc:datafield tag="035" ind1=" " ind2=" ">
         <marc:subfield code="a">(CStRLIN)NJPG91-B42459</marc:subfield>
      </marc:datafield>
      <marc:datafield tag="035" ind1=" " ind2=" ">
         <marc:subfield code="9">ADA2638TS</marc:subfield>
      </marc:datafield>
      <marc:datafield tag="040" ind1=" " ind2=" ">
         <marc:subfield code="a">NjP</marc:subfield>
         <marc:subfield code="c">NjP</marc:subfield>
      </marc:datafield>
      <marc:datafield tag="100" ind1="1" ind2=" ">
         <marc:subfield code="a">Rāzī, Fakhr al-Dīn Muḥammad ibn ʻUmar,</marc:subfield>
         <marc:subfield code="d">1149 or 1150-1210.</marc:subfield>
         <marc:subfield code="0">(uri)http://id.loc.gov/authorities/names/n81070765</marc:subfield>
      </marc:datafield>
      <marc:datafield tag="245" ind1="1" ind2="3">
         <marc:subfield code="a">al-Shajarah al-mubārakah fī ansāb al-Ṭālibīyah /</marc:subfield>
         <marc:subfield code="c">lil-Imām Fakhr al-Rāzī ; taḥqīq Mahdī al-Rajāʼī ; ishrāf Maḥmūd al-Marʻashī.</marc:subfield>
      </marc:datafield>
      <marc:datafield tag="250" ind1=" " ind2=" ">
         <marc:subfield code="a">al-Ṭabʻah 1.</marc:subfield>
      </marc:datafield>
      <marc:datafield tag="260" ind1=" " ind2=" ">
         <marc:subfield code="a">Qum :</marc:subfield>
         <marc:subfield code="b">Maktabat Āyat Allāh al-ʻUẓmá al-Marʻashī al-Najafī al-ʻĀmmah,</marc:subfield>
         <marc:subfield code="c">1409 [1988 or 1989]</marc:subfield>
      </marc:datafield>
      <marc:datafield tag="300" ind1=" " ind2=" ">
         <marc:subfield code="a">14, 391 p. :</marc:subfield>
         <marc:subfield code="b">facsims. ;</marc:subfield>
         <marc:subfield code="c">25 cm.</marc:subfield>
      </marc:datafield>
      <marc:datafield tag="490" ind1="1" ind2=" ">
         <marc:subfield code="a">Makhṭūṭāt Maktabat Āyat Allāh al-Marʻashī al-ʻĀmmah ;</marc:subfield>
         <marc:subfield code="v">31</marc:subfield>
      </marc:datafield>
      <marc:datafield tag="504" ind1=" " ind2=" ">
         <marc:subfield code="a">Includes bibliographical references and indexes.</marc:subfield>
      </marc:datafield>
      <marc:datafield tag="600" ind1="0" ind2="0">
         <marc:subfield code="a">Abū Ṭālib ʻAbd Manāf ibn ʻAbd al-Muṭṭalib,</marc:subfield>
         <marc:subfield code="d">approximately 540-approximately 619</marc:subfield>
         <marc:subfield code="x">Family.</marc:subfield>
      </marc:datafield>
      <marc:datafield tag="650" ind1=" " ind2="0">
         <marc:subfield code="a">Shiites</marc:subfield>
         <marc:subfield code="x">Genealogy</marc:subfield>
         <marc:subfield code="x">Early works to 1800.</marc:subfield>
      </marc:datafield>
      <marc:datafield tag="700" ind1="1" ind2=" ">
         <marc:subfield code="a">Rajāʼī, Mahdī.</marc:subfield>
      </marc:datafield>
      <marc:datafield tag="700" ind1="1" ind2=" ">
         <marc:subfield code="a">Marʻashī, Maḥmūd.</marc:subfield>
      </marc:datafield>
      <marc:datafield tag="830" ind1=" " ind2="0">
         <marc:subfield code="a">Min makhṭūṭāt Maktabat Āyat Allāh al-Marʻashī al-ʻĀmmah ;</marc:subfield>
         <marc:subfield code="v">31.</marc:subfield>
      </marc:datafield>
      <marc:datafield tag="852" ind1="0" ind2=" ">
         <marc:subfield code="b">nec</marc:subfield>
         <marc:subfield code="h">BP192.8</marc:subfield>
         <marc:subfield code="i">.R395 1988</marc:subfield>
         <marc:subfield code="p">738891</marc:subfield>
         <marc:subfield code="x">reclassed from: 2274.37.384</marc:subfield>
      </marc:datafield>
      <marc:datafield tag="998" ind1=" " ind2=" ">
         <marc:subfield code="a">08/21/91</marc:subfield>
         <marc:subfield code="s">9114</marc:subfield>
         <marc:subfield code="n">NjP</marc:subfield>
         <marc:subfield code="d">08/21/91</marc:subfield>
         <marc:subfield code="c">KVV</marc:subfield>
         <marc:subfield code="b">KVV</marc:subfield>
         <marc:subfield code="i">910821</marc:subfield>
         <marc:subfield code="l">NJPG</marc:subfield>
      </marc:datafield>
      <marc:datafield tag="911" ind1=" " ind2=" ">
         <marc:subfield code="a">19921028</marc:subfield>
      </marc:datafield>
      <marc:datafield tag="912" ind1=" " ind2=" ">
         <marc:subfield code="a">19910821000000.0</marc:subfield>
      </marc:datafield>
   </marc:record>
</marc:collection>
